<record><leader>00000cas a2200000Ma 4500</leader><controlfield tag="001">10785779</controlfield><controlfield tag="008">840530d17991813nhuwr ne      0    0eng d</controlfield><datafield ind1=" " ind2=" " tag="010"><subfield code="a">sn 84023151 </subfield></datafield><datafield ind1=" " ind2=" " tag="040"><subfield code="a">AQM</subfield><subfield code="b">eng</subfield><subfield code="c">AQM</subfield><subfield code="d">DRB</subfield><subfield code="d">OCLCG</subfield><subfield code="d">KRTAS</subfield><subfield code="d">OCLCQ</subfield><subfield code="d">OCLCO</subfield></datafield><datafield ind1="1" ind2=" " tag="029"><subfield code="a">AU@</subfield><subfield code="b">000025820692</subfield></datafield><datafield ind1=" " ind2="4" tag="050"><subfield code="a">LH1.D3</subfield><subfield code="b">D255</subfield></datafield><datafield ind1="0" ind2=" " tag="130"><subfield code="a">Dartmouth gazette (Hanover, N.H. : 1799)</subfield></datafield><datafield ind1="1" ind2="0" tag="245"><subfield code="a">Dartmouth gazette.</subfield></datafield><datafield ind1=" " ind2=" " tag="260"><subfield code="a">Hanover, N.H. :</subfield><subfield code="b">Moses Davis</subfield></datafield><datafield ind1=" " ind2=" " tag="300"><subfield code="a">v. ;</subfield><subfield code="c">51 cm.</subfield></datafield><datafield ind1=" " ind2=" " tag="310"><subfield code="a">Weekly</subfield></datafield><datafield ind1="1" ind2=" " tag="362"><subfield code="a">Began with Aug. 27, 1799 issue; ceased in 1813.</subfield><subfield code="z">Cf. Brigham, C.S. Amer. newspapers.</subfield></datafield><datafield ind1=" " ind2=" " tag="500"><subfield code="a">Publishers: Colburn &amp; Day, 1808; C. &amp; W.S. Spear, 1808-1810; C., W.S., &amp; H. Spear, 1810; Charles Spear, 1811-1813.</subfield></datafield><datafield ind1=" " ind2=" " tag="500"><subfield code="a">"Federalist." Cf. Childs, F.L. Hanover, N.H.: a bicentennial book.</subfield></datafield><datafield ind1="4" ind2=" " tag="510"><subfield code="a">Evans</subfield><subfield code="c">35382</subfield></datafield><datafield ind1="4" ind2=" " tag="510"><subfield code="a">Brigham, C.S. Amer. newspapers,</subfield><subfield code="c">p. 458</subfield></datafield><datafield ind1=" " ind2=" " tag="515"><subfield code="a">Suspended with Apr. 24, 1811 issue; resumed with June 5, 1811 issue. Cf. Brigham, C.S. Amer. newspapers.</subfield></datafield><datafield ind1=" " ind2=" " tag="588"><subfield code="a">Description based on: Vol. 1, no. 11 (Nov. 11, 1799).</subfield></datafield><datafield ind1=" " ind2="7" tag="655"><subfield code="a">Newspapers.</subfield><subfield code="2">rbgenr</subfield></datafield><datafield ind1="1" ind2=" " tag="700"><subfield code="a">Davis, Moses,</subfield><subfield code="d">1777-1808,</subfield><subfield code="e">publisher.</subfield></datafield><datafield ind1="1" ind2=" " tag="700"><subfield code="a">Spear, Charles,</subfield><subfield code="d">1786?-1831,</subfield><subfield code="e">publisher.</subfield></datafield><datafield ind1="2" ind2=" " tag="710"><subfield code="a">Colburn &amp; Day,</subfield><subfield code="e">publisher.</subfield></datafield><datafield ind1="2" ind2=" " tag="710"><subfield code="a">Charles and William S. Spear (Firm),</subfield><subfield code="e">publisher.</subfield></datafield><datafield ind1="2" ind2=" " tag="710"><subfield code="a">C., W.S. &amp; H. Spear (Firm),</subfield><subfield code="e">publisher.</subfield></datafield><datafield ind1=" " ind2=" " tag="752"><subfield code="a">United States</subfield><subfield code="b">New Hampshire</subfield><subfield code="c">Grafton</subfield><subfield code="d">Hanover.</subfield></datafield><datafield ind1="0" ind2="0" tag="780"><subfield code="t">Eagle: or, Dartmouth centinel</subfield><subfield code="w">(DLC)sn 84023150</subfield></datafield><datafield ind1="0" ind2="0" tag="785"><subfield code="t">Dartmouth gazette, and Grafton and Coos advertiser</subfield><subfield code="w">(DLC)sn 84023152</subfield></datafield><datafield ind1=" " ind2=" " tag="938"><subfield code="a">Kirtas Technologies, Inc.</subfield><subfield code="b">KRTS</subfield><subfield code="n">738473</subfield></datafield></record>